@Techreport{GR18,
  author = {Gradinaru, Vasile and Rietmann, Oliver},
  title = {A High-Order Integrator for the Schr\"odinger Equation with Time-Dependent, Homogeneous Magnetic Field},
  institution = {Seminar for Applied Mathematics, ETH Z{\"u}rich},
  number = {2018-47},
  address = {Switzerland},
  url = {https://www.sam.math.ethz.ch/sam_reports/reports_final/reports2018/2018-47.pdf },
  year = {2018}
}

@book{SR75,
  author = {Reed, Michael and Simon, Barry},
  title = {Fourier Analysis, Self-Adjointness, Volume 2},
  booktitle = {Methods of Modern Mathematical Physics},
  publisher = {Academic Press, Boston},
  year = {1975},
  isbn = {9780080925370}
}

@inproceedings{BM06,
  title={Fourth-and sixth-order commutator-free Magnus integrators for linear and non-linear dynamical systems},
  author={Blanes, Sergio and Moan, Per Christian},
  year={2006}
}

@article{FGL09,
author = {Faou, Erwan and Gradinaru, Vasile and Lubich, Christian},
year = {2009},
month = {01},
pages = {3027-3041},
title = {Computing Semiclassical Quantum Dynamics with Hagedorn Wavepackets},
volume = {31},
journal = {SIAM J. Scientific Computing},
doi = {10.1137/080729724}
}

@arcticle{G68,
  author = {Strang, Gilbert},
  title = {On the construction and comparison of difference schemes},
  year = {1968},
  pages = {506-517},
  volume = {5},
  journal = {SIAM J. Numerical Analysis}
}

@misc{waveblocksnd,
    author = {R. Bourquin and V. Gradinaru},
    title = {{WaveBlocks}: Reusable building blocks for simulations with semiclassical wavepackets},
    year = {2010 - 2016},
    url = {https://github.com/WaveBlocks/WaveBlocksND},
    howpublished = {\url{https://github.com/WaveBlocks/WaveBlocksND}}
}

@article{BLANES2002313,
title = {Practical symplectic partitioned Runge-Kutta and Runge-Kutta-Nystr{\"o}m methods},
journal = {Journal of Computational and Applied Mathematics},
volume = "142",
number = "2",
pages = "313 - 330",
year = "2002",
issn = "0377-0427",
doi = "https://doi.org/10.1016/S0377-0427(01)00492-7",
url = "http://www.sciencedirect.com/science/article/pii/S0377042701004927",
author = "S. Blanes and P.C. Moan"
}
